@article{Hall1935,
  title={On Representatives of Subsets},
  author={Peter Hall},
  journal={Journal of The London Mathematical Society-second Series},
  year={1935},
  pages={26-30},
  url={https://api.semanticscholar.org/CorpusID:23252557}
}
